@article{alexiadou_commitment_2019,
  title = {Commitment or Expertise? {{Technocratic}} Appointments as Political Responses to Economic Crises},
  shorttitle = {Commitment or Expertise?},
  author = {Alexiadou, Despina and Gunaydin, Hakan},
  year = {2019},
  month = aug,
  journal = {European Journal of Political Research},
  volume = {58},
  number = {3},
  pages = {845--865},
  issn = {0304-4130, 1475-6765},
  doi = {10.1111/1475-6765.12338},
  urldate = {2025-05-14},
  langid = {english},
  file = {/Users/JoseManuel/Zotero/storage/UUGXKJ4Y/Alexiadou and Gunaydin - 2019 - Commitment or expertise Technocratic appointments.pdf}
}

@article{alexiadou_ideologues_2015,
  title = {Ideologues, {{Partisans}}, and {{Loyalists}}: {{Cabinet Ministers}} and {{Social Welfare Reform}} in {{Parliamentary Democracies}}},
  shorttitle = {Ideologues, {{Partisans}}, and {{Loyalists}}},
  author = {Alexiadou, Despina},
  year = {2015},
  month = jul,
  journal = {Comparative Political Studies},
  volume = {48},
  number = {8},
  pages = {1051--1086},
  issn = {0010-4140, 1552-3829},
  doi = {10.1177/0010414015574880},
  urldate = {2025-05-14},
  langid = {english}
}

@book{alexiadou_ideologues_2016,
  title = {Ideologues, {{Partisans}}, and {{Loyalists}}: {{Ministers}} and {{Policymaking}} in {{Parliamentary Cabinets}}},
  shorttitle = {Ideologues, {{Partisans}}, and {{Loyalists}}},
  author = {Alexiadou, Despina},
  year = {2016},
  publisher = {Oxford University Press USA - OSO},
  address = {Oxford},
  isbn = {978-0-19-875571-5 978-0-19-107234-5},
  langid = {english}
}

@article{altman_gabinetes_2009,
  title = {{Gabinetes Ministeriales Y Reformas Estructurales En Am{\'e}rica Latina, 1985-2000}},
  author = {Altman, David and Castiglioni, Rossana},
  year = {2009},
  journal = {Revista Uruguaya de Ciencia Pol{\'i}tica},
  volume = {18},
  number = {1},
  pages = {15--39},
  publisher = {Instituto de Ciencia Pol{\'i}tica},
  issn = {0797-9789, 1688-499X},
  urldate = {2024-01-18},
  langid = {spanish},
  keywords = {Am{\'e}rica Latina,Cabinet Fragmentation,Ejecutivo de coalici{\'o}n,Executive Coalition,fragmentaci{\'o}n del gabinete,Latin America,posici{\'o}n ideol{\'o}gica del presidente,Presidential Ideological Position,Reforma estructural,Structural Reform}
}

@article{amorim_neto_presidential_2006,
  title = {The {{Presidential Calculus}}: {{Executive Policy Making}} and {{Cabinet Formation}} in the {{Americas}}},
  shorttitle = {The {{Presidential Calculus}}},
  author = {Amorim Neto, Octavio},
  year = {2006},
  month = may,
  journal = {Comparative Political Studies},
  volume = {39},
  number = {4},
  pages = {415--440},
  issn = {0010-4140, 1552-3829},
  doi = {10.1177/0010414005282381},
  urldate = {2025-05-08},
  copyright = {https://journals.sagepub.com/page/policies/text-and-data-mining-license},
  langid = {english}
}

@article{avendano_rotacion_2012,
  title = {Rotaci{\'o}n Ministerial y Estabilidad Coalicional En {{Chile}}, 1990-2010},
  author = {Avenda{\~n}o, Octavio and D{\'a}vila, Mireya},
  year = {2012},
  month = jan,
  journal = {Pol{\'i}tica. Revista de Ciencia Pol{\'i}tica},
  volume = {50},
  number = {2},
  pages = {87--108},
  issn = {0719-5338, 0716-1077},
  doi = {10.5354/0719-5338.2012.25968},
  urldate = {2025-05-09},
  file = {/Users/JoseManuel/Zotero/storage/IQF7YCX8/Avendaño and Dávila - 2012 - Rotación ministerial y estabilidad coalicional en .pdf}
}

@article{bersch_state_2017,
  title = {State {{Capacity}}, {{Bureaucratic Politicization}}, and {{Corruption}} in the {{Brazilian State}}},
  author = {Bersch, Katherine and Pra{\c c}a, S{\'e}rgio and Taylor, Matthew M.},
  year = {2017},
  month = jan,
  journal = {Governance},
  volume = {30},
  number = {1},
  pages = {105--124},
  issn = {0952-1895, 1468-0491},
  doi = {10.1111/gove.12196},
  urldate = {2025-05-14},
  langid = {english}
}

@incollection{blondel_cabinet_1991,
  title = {Cabinet {{Government}} and {{Cabinet Ministers}}},
  booktitle = {The {{Profession}} of {{Government Minister}} in {{Western Europe}}},
  author = {Blondel, Jean},
  editor = {Blondel, Jean and Thi{\'e}bault, Jean-Louis},
  year = {1991},
  pages = {5--18},
  publisher = {Palgrave Macmillan UK},
  address = {London},
  doi = {10.1007/978-1-349-11395-8_2},
  isbn = {978-1-349-11395-8}
}

@book{blondel_government_1985,
  title = {Government Ministers in the Contemporary World},
  author = {Blondel, Jean},
  year = {1985},
  series = {Political Executives in Comparative Perspective},
  number = {v. 3},
  publisher = {SAGE Publications},
  address = {London ; Beverly Hills},
  isbn = {978-0-8039-9750-9 978-0-8039-9751-6},
  lccn = {JF331 .B55 1985},
  keywords = {20th century,Cabinet officers,History}
}

@article{camerlo_minister_2015-1,
  title = {Minister {{Turnover}}, {{Critical Events}}, and the {{Electoral Calendar}} in {{Presidential Democracies}}},
  author = {Camerlo, Marcelo and {P{\'e}rez-Li{\~n}{\'a}n}, An{\'i}bal},
  year = {2015},
  month = jul,
  journal = {The Journal of Politics},
  volume = {77},
  number = {3},
  pages = {608--619},
  issn = {0022-3816, 1468-2508},
  doi = {10.1086/681028},
  urldate = {2024-01-18},
  langid = {english}
}

@article{camerlo_por_2022-1,
  title = {{{\textquestiondown}Por qu{\'e} son importantes los ministerios importantes? Un marco de an{\'a}lisis}},
  shorttitle = {{{\textquestiondown}Por qu{\'e} son importantes los ministerios importantes?}},
  author = {Camerlo, Marcelo and Gallardo, Cecilia Mart{\'i}nez},
  year = {2022},
  month = mar,
  journal = {Pol{\'i}tica y gobierno},
  volume = {29},
  number = {1},
  issn = {1665-2037},
  urldate = {2024-01-18},
  copyright = {Derechos de autor 2022 Pol{\'i}tica y gobierno},
  langid = {spanish},
  keywords = {formaci{\'o}n de gabinetes,gabinetes,importancia ministerial,presidencialismo}
}

@book{camp_mexicos_2002,
  title = {Mexico's {{Mandarins}}: {{Crafting}} a {{Power Elite}} for the {{Twenty-First Century}}},
  shorttitle = {Mexico's {{Mandarins}}},
  author = {Camp, Roderic Ai},
  year = {2002},
  publisher = {University of California Press},
  address = {Berkeley, CA},
  doi = {10.1525/9780520936386},
  isbn = {978-0-520-23344-7 978-0-520-93638-6},
  langid = {english}
}

@article{carreras_presidentes_2013,
  title = {{Presidentes outsiders y ministros ne{\'o}fitos: un an{\'a}lisis a trav{\'e}s del ejemplo de Fujimori}},
  shorttitle = {{Presidentes outsiders y ministros ne{\'o}fitos}},
  author = {Carreras, Miguel},
  year = {2013},
  month = jul,
  journal = {Am{\'e}rica Latina Hoy},
  volume = {64},
  pages = {95--118},
  issn = {2340-4396, 1130-2887},
  doi = {10.14201/alh.10244},
  urldate = {2024-01-18},
  langid = {spanish}
}

@book{centeno_democracy_1997,
  title = {Democracy {{Within Reason}}: {{Technocratic Revolution}} in {{Mexico}}},
  shorttitle = {Democracy {{Within Reason}}},
  author = {Centeno, Miguel Angel},
  year = {1997},
  publisher = {Penn State University Press},
  address = {University Park, Pennsylvania},
  isbn = {978-0-271-02390-8},
  langid = {english}
}

@article{chasquetti_designacion_2013,
  title = {{La designaci{\'o}n de gabinetes en Uruguay: estrategia legislativa, jerarqu{\'i}a de los ministerios y afiliaci{\'o}n partidaria de los ministros}},
  shorttitle = {{La designaci{\'o}n de gabinetes en Uruguay}},
  author = {Chasquetti, Daniel and Buquet, Daniel and Cardarello, Antonio},
  year = {2013},
  month = jul,
  journal = {Am{\'e}rica Latina Hoy},
  volume = {64},
  pages = {15--40},
  issn = {2340-4396},
  doi = {10.14201/alh.10230},
  urldate = {2024-01-18},
  copyright = {Derechos de autor},
  langid = {spanish},
  keywords = {gabinetes,gobierno,partidos pol{\'i}ticos,presidentes,Uruguay}
}

@article{cheibub_government_2004,
  title = {Government {{Coalitions}} and {{Legislative Success Under Presidentialism}} and {{Parliamentarism}}},
  author = {Cheibub, Jos{\'e} Antonio and Przeworski, Adam and Saiegh, Sebastian M.},
  year = {2004},
  month = oct,
  journal = {British Journal of Political Science},
  volume = {34},
  number = {4},
  pages = {565--587},
  issn = {0007-1234, 1469-2112},
  doi = {10.1017/S0007123404000195},
  urldate = {2025-05-08},
  copyright = {https://www.cambridge.org/core/terms},
  langid = {english}
}

@article{cuevas_gabinete_2022,
  title = {{El gabinete presidencial en M{\'e}xico: evaluaci{\'o}n de la relevancia de las secretar{\'i}as de Estado}},
  shorttitle = {{El gabinete presidencial en M{\'e}xico}},
  author = {Cuevas, Jos{\'e} {\'A}ngel},
  year = {2022},
  month = mar,
  journal = {Pol{\'i}tica y gobierno},
  volume = {29},
  number = {1},
  issn = {1665-2037},
  urldate = {2024-01-18},
  copyright = {Derechos de autor 2022 Pol{\'i}tica y gobierno},
  langid = {spanish},
  keywords = {desempe{\~n}o institucional,gabinete,influencia pol{\'i}tica,ministerios,secretar{\'i}as de Estado}
}

@book{dargent_technocracy_2014,
  title = {Technocracy and {{Democracy}} in {{Latin America}}: {{The Experts Running Government}}},
  shorttitle = {Technocracy and {{Democracy}} in {{Latin America}}},
  author = {Dargent, Eduardo},
  year = {2014},
  month = nov,
  edition = {1},
  publisher = {Cambridge University Press},
  doi = {10.1017/CBO9781107446663},
  urldate = {2025-05-08},
  copyright = {https://www.cambridge.org/core/terms},
  isbn = {978-1-107-44666-3 978-1-107-05987-0 978-1-107-66852-2}
}

@article{dewan_corrective_2005,
  title = {The {{Corrective Effect}} of {{Ministerial Resignations}} on {{Government Popularity}}},
  author = {Dewan, Torun and Dowding, Keith},
  year = {2005},
  month = jan,
  journal = {American Journal of Political Science},
  volume = {49},
  number = {1},
  pages = {46--56},
  issn = {0092-5853, 1540-5907},
  doi = {10.1111/j.0092-5853.2005.00109.x},
  urldate = {2025-05-10},
  langid = {english}
}

@misc{escobar-lemmon_coming_2010,
  type = {{{SSRN Scholarly Paper}}},
  title = {Coming or {{Going}}: {{How Background Affects Duration}} in 5 {{Presidential Systems}}},
  shorttitle = {Coming or {{Going}}},
  author = {{Escobar-Lemmon}, Maria C. and {Taylor-Robinson}, Michelle M.},
  year = {2010},
  number = {1644424},
  address = {Rochester, NY},
  urldate = {2024-01-18},
  langid = {english},
  keywords = {Cabinet Duration,Latin American Cabinets,Ministerial Duration,Presidential Cabinets,Women in Politics}
}

@misc{federal_republic_of_germany_grundgesetz_1949,
  title = {Grundgesetz F{\"u}r Die {{Bundesrepublik Deutschland}} ({{Basic Law}} for the {{Federal Republic}} of {{Germany}})},
  author = {{Federal Republic of Germany}},
  year = {1949}
}

@article{fischer_duration_2012,
  title = {The Duration and Durability of Cabinet Ministers},
  author = {Fischer, J{\"o}rn and Dowding, Keith and Dumont, Patrick},
  year = {2012},
  month = nov,
  journal = {International Political Science Review},
  volume = {33},
  number = {5},
  pages = {505--519},
  issn = {0192-5121, 1460-373X},
  doi = {10.1177/0192512112462971},
  urldate = {2025-05-09},
  langid = {english}
}

@article{gonzalez-bustamante_cambios_2016,
  title = {{Cambios de gabinete y supervivencia de los ministros en Chile durante los gobiernos de la Concertaci{\'o}n (1990-2010)}},
  author = {{Gonz{\'a}lez-Bustamante}, Basti{\'a}n and Olivares, Alejandro},
  year = {2016},
  month = may,
  journal = {Colombia Internacional},
  number = {87},
  pages = {81--108},
  issn = {0121-5612, 1900-6004},
  doi = {10.7440/colombiaint87.2016.04},
  urldate = {2024-01-18},
  langid = {spanish}
}

@article{gozzer_duracion_2021,
  title = {Duraci{\'o}n de La Gesti{\'o}n Ministerial y Logros En Salud En El {{Per{\'u}}}},
  author = {Gozzer, Ernesto and Canchihuam{\'a}n, Fredy and Chalco, Vilma and Huari, Gabriela and {Cisneros-Dionisio}, Ana and Quispe, Wildo and Espinoza, Rub{\'e}n},
  year = {2021},
  month = may,
  journal = {Revista Peruana de Medicina Experimental y Salud P{\'u}blica},
  volume = {38},
  number = {2},
  pages = {326--36},
  issn = {1726-4642, 1726-4634},
  doi = {10.17843/rpmesp.2021.382.6721},
  urldate = {2024-01-18}
}

@article{helmke_informal_2004,
  title = {Informal {{Institutions}} and {{Comparative Politics}}: {{A Research Agenda}}},
  shorttitle = {Informal {{Institutions}} and {{Comparative Politics}}},
  author = {Helmke, Gretchen and Levitsky, Steven},
  year = {2004},
  month = dec,
  journal = {Perspectives on Politics},
  volume = {2},
  number = {04},
  pages = {725--740},
  issn = {1537-5927, 1541-0986},
  doi = {10.1017/S1537592704040472},
  urldate = {2025-05-08},
  langid = {english},
  file = {/Users/JoseManuel/Zotero/storage/CJXKAGRG/Helmke y Levitsky - 2004 - Informal Institutions and Comparative Politics A .pdf}
}

@misc{house_of_commons_standing_2024,
  title = {Standing {{Orders}} of the {{House}} of {{Commons}}},
  author = {{House of Commons}},
  year = {2024}
}

@article{huber_replacing_2008,
  title = {Replacing {{Cabinet Ministers}}: {{Patterns}} of {{Ministerial Stability}} in {{Parliamentary Democracies}}},
  shorttitle = {Replacing {{Cabinet Ministers}}},
  author = {Huber, John D. and {Martinez-Gallardo}, Cecilia},
  year = {2008},
  month = may,
  journal = {American Political Science Review},
  volume = {102},
  number = {2},
  pages = {169--180},
  issn = {0003-0554, 1537-5943},
  doi = {10.1017/S000305540808012X},
  urldate = {2025-05-09},
  copyright = {https://www.cambridge.org/core/terms},
  langid = {english}
}

@article{jara_iniguez_rotacion_2019,
  title = {{Rotaci{\'o}n de Directivos P{\'u}blicos. {\textquestiondown}Problema de gesti{\'o}n o soluci{\'o}n de confianza pol{\'i}tica?}},
  author = {Jara I{\~n}iguez, Irma and Cede{\~n}o Alc{\'i}var, Jenny},
  year = {2019},
  journal = {PODIUM},
  number = {35},
  pages = {1--22},
  publisher = {Universidad Esp{\'i}ritu Santo},
  issn = {1390-5473, 2588-0969},
  urldate = {2024-01-18},
  chapter = {PODIUM},
  langid = {spanish}
}

@article{levitsky_latin_1999,
  title = {Latin {{America}}'s {{Imperiled Progress}}: {{Fujimori}} and {{Post-Party Politics}} in {{Peru}}},
  shorttitle = {Latin {{America}}'s {{Imperiled Progress}}},
  author = {Levitsky, Steven},
  year = {1999},
  month = jul,
  journal = {Journal of Democracy},
  volume = {10},
  number = {3},
  pages = {78--92},
  issn = {1086-3214},
  doi = {10.1353/jod.1999.0047},
  urldate = {2025-05-08},
  langid = {english}
}

@article{martinez-gallardo_out_2012,
  title = {Out of the {{Cabinet}}: {{What Drives Defections From}} the {{Government}} in {{Presidential Systems}}?},
  shorttitle = {Out of the {{Cabinet}}},
  author = {{Mart{\'i}nez-Gallardo}, Cecilia},
  year = {2012},
  month = jan,
  journal = {Comparative Political Studies},
  volume = {45},
  number = {1},
  pages = {62--90},
  issn = {0010-4140, 1552-3829},
  doi = {10.1177/0010414011421306},
  urldate = {2024-01-18},
  langid = {english}
}

@article{mayorga_como_2014,
  title = {{{\textquestiondown}C{\'o}mo mejorar la efectividad ministerial?}},
  author = {Mayorga, Fabricio Franco},
  year = {2014},
  journal = {Revista del CLAD Reforma y Democracia},
  number = {59},
  pages = {55--82},
  publisher = {Centro Latinoamericano de Administraci{\'o}n para el Desarrollo},
  issn = {1315-2378,},
  urldate = {2024-01-18},
  langid = {spanish},
  keywords = {Am{\'e}rica Latina,Latin America,Management Systems,Ministerios,Ministries,Sistemas de Gesti{\'o}n}
}

@article{mejia_es_2021,
  title = {{\textquestiondown}{{Es}} Hora de Un Cambio de Ministro? {{La}} Supervivencia Del Gabinete En {{Colombia}} 1958-2018},
  shorttitle = {{\textquestiondown}{{Es}} Hora de Un Cambio de Ministro?},
  author = {Mej{\'i}a, Luis Bernardo and Barinas Forero, Andr{\'e}s Felipe and Mora Oviedo, Michelle Lorena},
  year = {2021},
  month = jun,
  journal = {Desaf{\'i}os},
  volume = {33},
  number = {2},
  issn = {2145-5112, 0124-4035},
  doi = {10.12804/revistas.urosario.edu.co/desafios/a.8524},
  urldate = {2024-01-17}
}

@article{nercesian_radiografigabinetes_2019,
  title = {{Radiograf{\'i}a de los gabinetes ministeriales en Brasil y Per{\'u} (2016-2018). Un an{\'a}lisis comparativo}},
  author = {Nercesian, In{\'e}s and Cassaglia, Roberto},
  year = {2019},
  journal = {Telos: Revista de Estudios Interdisciplinarios en Ciencias Sociales},
  volume = {21},
  number = {2},
  pages = {372--400},
  publisher = {Universidad Rafael Belloso Chac{\'i}n},
  issn = {1317-0570},
  urldate = {2024-01-18},
  chapter = {Telos: Revista de Estudios Interdisciplinarios en Ciencias Sociales},
  langid = {spanish}
}

@misc{republica_del_peru_constitucion_1993,
  title = {Constituci{\'o}n {{Pol{\'i}tica}} Del {{Per{\'u}}}},
  author = {{Rep{\'u}blica del Per{\'u}}},
  year = {1993}
}

@article{sanchez_importancia_2022,
  title = {{Importancia de las carteras ministeriales en escenarios presidencialistas dominantes: Apuntes sobre el caso dominicano, 2012-2020}},
  shorttitle = {{Importancia de las carteras ministeriales en escenarios presidencialistas dominantes}},
  author = {S{\'a}nchez, Ana Bel{\'e}n Benito},
  year = {2022},
  month = mar,
  journal = {Pol{\'i}tica y gobierno},
  volume = {29},
  number = {1},
  issn = {1665-2037},
  urldate = {2024-01-18},
  copyright = {Derechos de autor 2022 Pol{\'i}tica y gobierno},
  langid = {spanish},
  keywords = {Danilo Medina,gabinete de gobierno,importancia ministerial,Rep{\'u}blica Dominicana}
}

@book{silva_state_2019,
  title = {The {{State}} and {{Capital}} in {{Chile}}: {{Business Elites}}, {{Technocrats}}, and {{Market Economics}}},
  shorttitle = {The {{State}} and {{Capital}} in {{Chile}}},
  author = {Silva, Eduardo Bonilla},
  year = {2019},
  publisher = {Routledge},
  address = {Milton},
  isbn = {978-0-367-31175-9 978-1-00-023415-2},
  langid = {english}
}

@book{tanaka_democracia_2005,
  title = {{Democracia sin partidos: Per{\'u}, 2000-2005 los problemas de representaci{\'o}n y las propuestas de reforma pol{\'i}tica}},
  shorttitle = {{Democracia sin partidos}},
  author = {Tanaka, Mart{\'i}n},
  year = {2005},
  series = {{Colecci{\'o}n m{\'i}nima}},
  number = {57},
  publisher = {Instituto de estudios peruanos},
  address = {Lima},
  isbn = {978-9972-51-133-2},
  langid = {spanish}
}

@misc{united_kingdom_parliament_ministerial_1975,
  title = {Ministerial and {{Other Salaries Act}} 1975},
  author = {{United Kingdom Parliament}},
  year = {1975}
}

@misc{united_states_of_america_constitution_1787,
  title = {Constitution of the {{United States}}},
  author = {{United States of America}},
  year = {1787}
}

@misc{us_house_of_representatives_rules_2023,
  title = {Rules of the {{House}} of {{Representatives}}},
  author = {{U.S. House of Representatives}},
  year = {2023}
}

@misc{us_senate_standing_2023,
  title = {Standing {{Rules}} of the {{Senate}}},
  author = {{U.S. Senate}},
  year = {2023}
}

@article{valladares_horror_2012,
  title = {{Horror al vacio: un a{\~n}o de relaciones entre ejecutivo y Congreso}},
  shorttitle = {{HORROR AL VAC{\'I}O}},
  author = {Valladares, Jorge},
  year = {2012},
  month = jul,
  journal = {Revista Argumentos},
  volume = {6},
  number = {3},
  pages = {9},
  issn = {20767722},
  chapter = {Articulo},
  langid = {sp},
  file = {/Users/JoseManuel/Zotero/storage/QU5T8SJZ/horror-al-vacio-un-ano-de-relaciones-entre-ejecutivo-y-congreso.html}
}

@book{weyland_politics_2021,
  title = {The {{Politics}} of {{Market Reform}} in {{Fragile Democracies}}: {{Argentina}}, {{Brazil}}, {{Peru}}, and {{Venezuela}}},
  shorttitle = {The {{Politics}} of {{Market Reform}} in {{Fragile Democracies}}},
  author = {Weyland, Kurt},
  year = {2021},
  month = jan,
  eprint = {10.2307/j.ctv182jsxp},
  eprinttype = {jstor},
  publisher = {Princeton University Press},
  doi = {10.2307/j.ctv182jsxp},
  urldate = {2025-05-14},
  isbn = {978-0-691-22343-8 978-0-691-09643-8}
}
